<record><leader>00000cas a22000007a 4500</leader><controlfield tag="001">10117237</controlfield><controlfield tag="008">831110d18471848meuwr ne      0    0eng d</controlfield><datafield ind1=" " ind2=" " tag="010"><subfield code="a">sn 83021320 </subfield></datafield><datafield ind1=" " ind2=" " tag="040"><subfield code="a">NPX</subfield><subfield code="b">eng</subfield><subfield code="c">NPX</subfield><subfield code="d">MGN</subfield><subfield code="d">MBN</subfield><subfield code="d">OCLCQ</subfield><subfield code="d">OCLCF</subfield><subfield code="d">OCLCO</subfield></datafield><datafield ind1=" " ind2=" " tag="043"><subfield code="a">n-us-me</subfield></datafield><datafield ind1="0" ind2="0" tag="245"><subfield code="a">State signal and new planet.</subfield></datafield><datafield ind1=" " ind2=" " tag="260"><subfield code="a">Belfast, Me. :</subfield><subfield code="b">Avery &amp; Kimball</subfield></datafield><datafield ind1=" " ind2=" " tag="300"><subfield code="a">v. ;</subfield><subfield code="c">62 cm.</subfield></datafield><datafield ind1=" " ind2=" " tag="310"><subfield code="a">Weekly</subfield></datafield><datafield ind1="0" ind2=" " tag="362"><subfield code="a">Vol. 8, no. 1 (Nov. 4, 1847)-v. 8, no. 52 (Oct. 26, 1848).</subfield></datafield><datafield ind1=" " ind2=" " tag="580"><subfield code="a">Formed by the union of: State signal, and: New planet.</subfield></datafield><datafield ind1=" " ind2="0" tag="651"><subfield code="a">Belfast (Me.)</subfield><subfield code="v">Newspapers.</subfield></datafield><datafield ind1=" " ind2="7" tag="655"><subfield code="a">Newspapers.</subfield><subfield code="2">fast</subfield><subfield code="0">(OCoLC)fst01423814</subfield></datafield><datafield ind1=" " ind2="7" tag="651"><subfield code="a">Maine</subfield><subfield code="z">Belfast.</subfield><subfield code="2">fast</subfield><subfield code="0">(OCoLC)fst01223538</subfield></datafield><datafield ind1=" " ind2=" " tag="752"><subfield code="a">United States</subfield><subfield code="b">Maine</subfield><subfield code="c">Waldo</subfield><subfield code="d">Belfast.</subfield></datafield><datafield ind1="1" ind2="4" tag="780"><subfield code="t">State signal</subfield><subfield code="w">(DLC)sn 83021319</subfield></datafield><datafield ind1="1" ind2="4" tag="780"><subfield code="t">New planet</subfield><subfield code="w">(DLC)sn 96075128</subfield></datafield><datafield ind1="0" ind2="0" tag="785"><subfield code="t">State signal (Belfast, Me. : 1848)</subfield><subfield code="w">(DLC)sn 93058840</subfield></datafield></record>